@article{ie_external,
  title={Improving information extraction by acquiring external evidence with reinforcement learning},
  author={Narasimhan, Karthik and Yala, Adam and Barzilay, Regina},
  journal={arXiv preprint arXiv:1603.07954},
  year={2016}
}
@article{gpt2,
  title={Language models are unsupervised multitask learners},
  author={Radford, Alec and Wu, Jeffrey and Child, Rewon and Luan, David and Amodei, Dario and Sutskever, Ilya},
  year={2019},
  journal={OpenAI Blog},
}
@article{squad2,
  title={Know What You Don't Know: Unanswerable Questions for SQuAD},
  author={Rajpurkar, Pranav and Jia, Robin and Liang, Percy},
  journal={arXiv preprint arXiv:1806.03822},
  year={2018}
}
@article{quac,
  title={Quac: Question answering in context},
  author={Choi, Eunsol and He, He and Iyyer, Mohit and Yatskar, Mark and Yih, Wen-tau and Choi, Yejin and Liang, Percy and Zettlemoyer, Luke},
  journal={arXiv preprint arXiv:1808.07036},
  year={2018}
}
@article{coqa,
  title={Coqa: A conversational question answering challenge},
  author={Reddy, Siva and Chen, Danqi and Manning, Christopher D},
  journal={arXiv preprint arXiv:1808.07042},
  year={2018}
}
@article{rasor,
  title={Learning recurrent span representations for extractive question answering},
  author={Lee, Kenton and Salant, Shimi and Kwiatkowski, Tom and Parikh, Ankur and Das, Dipanjan and Berant, Jonathan},
  journal={arXiv preprint arXiv:1611.01436},
  year={2016}
}
@inproceedings{drqa,
  title={Reading Wikipedia to Answer Open-Domain Questions},
  author={Chen, Danqi and Fisch, Adam and Weston, Jason and Bordes, Antoine},
  booktitle={Proceedings of the 55th Annual Meeting of the Association for Computational Linguistics (Volume 1: Long Papers)},
  volume={1},
  pages={1870--1879},
  year={2017}
}
@inproceedings{triviaqa,
  title={TriviaQA: A Large Scale Distantly Supervised Challenge Dataset for Reading Comprehension},
  author={Joshi, Mandar and Choi, Eunsol and Weld, Daniel and Zettlemoyer, Luke},
  booktitle={Proceedings of the 55th Annual Meeting of the Association for Computational Linguistics (Volume 1: Long Papers)},
  volume={1},
  pages={1601--1611},
  year={2017}
}
@article{quasar,
  title={Quasar: Datasets for Question Answering by Search and Reading},
  author={Dhingra, Bhuwan and Mazaitis, Kathryn and Cohen, William W},
  journal={arXiv preprint arXiv:1707.03904},
  year={2017}
}
@inproceedings{squad,
  title={SQuAD: 100,000+ Questions for Machine Comprehension of Text},
  author={Rajpurkar, Pranav and Zhang, Jian and Lopyrev, Konstantin and Liang, Percy},
  booktitle={Proceedings of the 2016 Conference on Empirical Methods in Natural Language Processing},
  pages={2383--2392},
  year={2016}
}
@article{searchqa,
  title={Searchqa: A new q\&a dataset augmented with context from a search engine},
  author={Dunn, Matthew and Sagun, Levent and Higgins, Mike and Guney, V Ugur and Cirik, Volkan and Cho, Kyunghyun},
  journal={arXiv preprint arXiv:1704.05179},
  year={2017}
}

@inproceedings{transformer,
  title={Attention is all you need},
  author={Vaswani, Ashish and Shazeer, Noam and Parmar, Niki and Uszkoreit, Jakob and Jones, Llion and Gomez, Aidan N and Kaiser, {\L}ukasz and Polosukhin, Illia},
  booktitle={Advances in neural information processing systems},
  pages={5998--6008},
  year={2017}
}
@article{bert,
  title={Bert: Pre-training of deep bidirectional transformers for language understanding},
  author={Devlin, Jacob and Chang, Ming-Wei and Lee, Kenton and Toutanova, Kristina},
  journal={arXiv preprint arXiv:1810.04805},
  year={2018}
}

@article{cloze,
  title={“{C}loze procedure”: A new tool for measuring readability},
  author={Taylor, Wilson L},
  journal={Journalism Bulletin},
  volume=30,
  number=4,
  pages={415--433},
  year=1953,
  publisher={SAGE Publications Sage CA: Los Angeles, CA}
}
@article{naturalquestions,
  title={Natural Questions: a Benchmark for Question Answering Research},
  author={Kwiatkowski, Tom and Palomaki, Jennimaria and Rhinehart, Olivia and Collins, Michael and Parikh, Ankur and Alberti, Chris and Epstein, Danielle and Polosukhin, Illia and Kelcey, Matthew and Devlin, Jacob and others},
  year={2019},
  journal={Transactions of the Association for Computational Linguistics}
}
@inproceedings{webquestions,
  title={Semantic parsing on freebase from question-answer pairs},
  author={Berant, Jonathan and Chou, Andrew and Frostig, Roy and Liang, Percy},
  booktitle={Proceedings of the 2013 Conference on Empirical Methods in Natural Language Processing},
  pages={1533--1544},
  year={2013}
}
@inproceedings{curatedtrec,
  title={Modeling of the Question Answering Task in the YodaQA System},
  author={Petr Baudis and Jan Sediv{\'y}},
  booktitle={CLEF},
  year={2015}
}
@inproceedings{trec01,
  title={Overview of the TREC 2001 Question Answering Track},
  author={Voorhees, Ellen M},
  booktitle={In Proceedings of the Tenth Text REtrieval Conference (TREC},
  year={2001},
  organization={Citeseer}
}
@article{nltk,
  title={NLTK: the natural language toolkit},
  author={Loper, Edward and Bird, Steven},
  journal={arXiv preprint cs/0205028},
  year={2002}
}
@article{adam,
  title={Adam: A method for stochastic optimization},
  author={Kingma, Diederik P and Ba, Jimmy},
  journal={arXiv preprint arXiv:1412.6980},
  year={2014}
}
@article{bertserini,
  title={End-to-End Open-Domain Question Answering with BERTserini},
  author={Yang, Wei and Xie, Yuqing and Lin, Aileen and Li, Xingyu and Tan, Luchen and Xiong, Kun and Li, Ming and Lin, Jimmy},
  journal={arXiv preprint arXiv:1902.01718},
  year={2019}
}
@inproceedings{elmo,
  author={Peters, Matthew E. and  Neumann, Mark and Iyyer, Mohit and Gardner, Matt and Clark, Christopher and Lee, Kenton and Zettlemoyer, Luke},
  title={Deep contextualized word representations},
  booktitle={Proc. of NAACL},
  year={2018}
}
@inproceedings{qaretrieval,
  title={Entity based q\&a retrieval},
  author={Singh, Amit},
  booktitle={Proceedings of the 2012 Joint conference on empirical methods in natural language processing and computational natural language learning},
  pages={1266--1277},
  year={2012},
  organization={Association for Computational Linguistics}
}
@inproceedings{multistep,
title={Multi-step Retriever-Reader Interaction for Scalable Open-domain Question Answering},
author={Rajarshi Das and Shehzaad Dhuliawala and Manzil Zaheer and Andrew McCallum},
booktitle={International Conference on Learning Representations},
year={2019},
url={https://openreview.net/forum?id=HkfPSh05K7},
}
@inproceedings{r3,
  title={R 3: Reinforced Ranker-Reader for Open-Domain Question Answering},
  author={Wang, Shuohang and Yu, Mo and Guo, Xiaoxiao and Wang, Zhiguo and Klinger, Tim and Zhang, Wei and Chang, Shiyu and Tesauro, Gerry and Zhou, Bowen and Jiang, Jing},
  booktitle={Thirty-Second AAAI Conference on Artificial Intelligence},
  year={2018}
}
@article{adaptive,
  title={Adaptive document retrieval for deep question answering},
  author={Kratzwald, Bernhard and Feuerriegel, Stefan},
  journal={arXiv preprint arXiv:1808.06528},
  year={2018}
}
@article{recall,
  title={Ranking Paragraphs for Improving Answer Recall in Open-Domain Question Answering},
  author={Lee, Jinhyuk and Yun, Seongjun and Kim, Hyunjae and Ko, Miyoung and Kang, Jaewoo},
  journal={arXiv preprint arXiv:1810.00494},
  year={2018}
}
@inproceedings{hype,
  title={The Neural Hype and Comparisons Against Weak Baselines},
  author={Lin, Jimmy},
  booktitle={ACM SIGIR Forum},
  year={2019},
}
@article{nnlm,
  title={A neural probabilistic language model},
  author={Bengio, Yoshua and Ducharme, R{\'e}jean and Vincent, Pascal and Jauvin, Christian},
  journal={Journal of machine learning research},
  volume={3},
  number={Feb},
  pages={1137--1155},
  year={2003}
}
@inproceedings{anserini,
  title={Anserini: Enabling the use of Lucene for information retrieval research},
  author={Yang, Peilin and Fang, Hui and Lin, Jimmy},
  booktitle={Proceedings of the 40th International ACM SIGIR Conference on Research and Development in Information Retrieval},
  pages={1253--1256},
  year={2017},
  organization={ACM}
}
@inproceedings{scaling,
  title={Scaling semantic parsers with on-the-fly ontology matching},
  author={Kwiatkowski, Tom and Choi, Eunsol and Artzi, Yoav and Zettlemoyer, Luke},
  booktitle={Proceedings of the 2013 conference on empirical methods in natural language processing},
  pages={1545--1556},
  year={2013}
}
@inproceedings{openqa,
  title={Open question answering over curated and extracted knowledge bases},
  author={Fader, Anthony and Zettlemoyer, Luke and Etzioni, Oren},
  booktitle={Proceedings of the 20th ACM SIGKDD international conference on Knowledge discovery and data mining},
  pages={1156--1165},
  year={2014},
  organization={ACM}
}
@inproceedings{driving,
  title={Driving semantic parsing from the world's response},
  author={Clarke, James and Goldwasser, Dan and Chang, Ming-Wei and Roth, Dan},
  booktitle={Proceedings of the fourteenth conference on computational natural language learning},
  pages={18--27},
  year={2010},
  organization={Association for Computational Linguistics}
}
@article{compositional,
  title={Learning dependency-based compositional semantics},
  author={Liang, Percy and Jordan, Michael I and Klein, Dan},
  journal={Computational Linguistics},
  volume={39},
  number={2},
  pages={389--446},
  year={2013},
  publisher={MIT Press}
}
@article{skipgram,
  title={Efficient estimation of word representations in vector space},
  author={Mikolov, Tomas and Chen, Kai and Corrado, Greg and Dean, Jeffrey},
  journal={arXiv preprint arXiv:1301.3781},
  year={2013}
}
@article{quickthoughts,
  title={An efficient framework for learning sentence representations},
  author={Logeswaran, Lajanugen and Lee, Honglak},
  journal={arXiv preprint arXiv:1803.02893},
  year={2018}
}
@article{bm25,
  title={The probabilistic relevance framework: BM25 and beyond},
  author={Robertson, Stephen and Zaragoza, Hugo and others},
  journal={Foundations and Trends in Information Retrieval},
  volume={3},
  number={4},
  pages={333--389},
  year={2009},
}
@article{elmopool,
  title={Evaluation of sentence embeddings in downstream and linguistic probing tasks},
  author={Perone, Christian S and Silveira, Roberto and Paula, Thomas S},
  journal={arXiv preprint arXiv:1806.06259},
  year={2018}
}
@article{instructional,
  title={Weakly Supervised Learning of Semantic Parsers for Mapping Instructions to Actions},
  author={Artzi, Yoav and Zettlemoyer, Luke},
  journal={Transactions of the Association for Computational Linguistics},
  volume={1},
  number={1},
  pages={49--62},
  year={2013},
  publisher={Association for Computational Linguistic}
}
@inproceedings{word2vec,
  title={Distributed representations of words and phrases and their compositionality},
  author={Mikolov, Tomas and Sutskever, Ilya and Chen, Kai and Corrado, Greg S and Dean, Jeff},
  booktitle={Advances in neural information processing systems},
  pages={3111--3119},
  year={2013}
}
@article{lm_as_kb,
  title={Language Models as Knowledge Bases?},
  author={Petroni, Fabio and Rockt{\"a}schel, Tim and Lewis, Patrick and Bakhtin, Anton and Wu, Yuxiang and Miller, Alexander H and Riedel, Sebastian},
  journal={arXiv preprint arXiv:1909.01066},
  year={2019}
}
@InProceedings{orqa,
  author    = {Lee, Kenton  and  Chang, Ming-Wei and Toutanova, Kristina},
  title     = {Latent Retrieval for Weakly Supervised Open Domain Question Answering},
  booktitle = {Proceedings of the Conference of Association for Computational Linguistics},
  year      = {2019},
}
@article{t5,
  title={Exploring the limits of transfer learning with a unified text-to-text transformer},
  author={Raffel, Colin and Shazeer, Noam and Roberts, Adam and Lee, Katherine and Narang, Sharan and Matena, Michael and Zhou, Yanqi and Li, Wei and Liu, Peter J},
  journal={arXiv preprint arXiv:1910.10683},
  year={2019}
}

@article{roberta,
  title={Roberta: A robustly optimized bert pretraining approach},
  author={Liu, Yinhan and Ott, Myle and Goyal, Naman and Du, Jingfei and Joshi, Mandar and Chen, Danqi and Levy, Omer and Lewis, Mike and Zettlemoyer, Luke and Stoyanov, Veselin},
  journal={arXiv preprint arXiv:1907.11692},
  year={2019}
}
@article{spanbert,
  title={{SpanBERT}: Improving pre-training by representing and predicting spans},
  author={Joshi, Mandar and Chen, Danqi and Liu, Yinhan and Weld, Daniel S and Zettlemoyer, Luke and Levy, Omer},
  journal={arXiv preprint arXiv:1907.10529},
  year={2019}
}

@inproceedings{mips_cone,
  title={Maximum inner-product search using cone trees},
  author={Ram, Parikshit and Gray, Alexander G},
  booktitle={Proceedings of the 18th ACM SIGKDD international conference on Knowledge discovery and data mining},
  pages={931--939},
  year={2012}
}
@inproceedings{mips_alsh,
  title={Asymmetric LSH (ALSH) for sublinear time maximum inner product search (MIPS)},
  author={Shrivastava, Anshumali and Li, Ping},
  booktitle={Advances in Neural Information Processing Systems},
  pages={2321--2329},
  year={2014}
}
@inproceedings{mips_alsh_new,
  title={Improved asymmetric locality sensitive hashing (ALSH) for Maximum Inner Product Search (MIPS)},
  author={Shrivastava, Anshumali and Li, Ping},
  booktitle={Conference on Uncertainty in Artificial Intelligence},
  year={2015}
}
@inproceedings{mips_binary,
  title={Learning binary codes for maximum inner product search},
  author={Shen, Fumin and Liu, Wei and Zhang, Shaoting and Yang, Yang and Tao Shen, Heng},
  booktitle={Proceedings of the IEEE International Conference on Computer Vision},
  pages={4148--4156},
  year={2015}
}

@article{openqa_hardem,
  title={A discrete hard em approach for weakly supervised question answering},
  author={Min, Sewon and Chen, Danqi and Hajishirzi, Hannaneh and Zettlemoyer, Luke},
  journal={arXiv preprint arXiv:1909.04849},
  year={2019}
}

@article{rrp_salesforce,
  title={Learning to Retrieve Reasoning Paths over Wikipedia Graph for Question Answering},
  author={Asai, Akari and Hashimoto, Kazuma and Hajishirzi, Hannaneh and Socher, Richard and Xiong, Caiming},
  journal={arXiv preprint arXiv:1911.10470},
  year={2019}
}


@misc{grave2016neuralcache,
    title={Improving Neural Language Models with a Continuous Cache},
    author={Edouard Grave and Armand Joulin and Nicolas Usunier},
    year={2016},
    eprint={1612.04426},
    archivePrefix={arXiv},
    primaryClass={cs.CL}
}

@inproceedings{baracks_wife,
  title={Barack’s wife hillary: Using knowledge graphs for fact-aware language modeling},
  author={Logan, Robert and Liu, Nelson F and Peters, Matthew E and Gardner, Matt and Singh, Sameer},
  booktitle={Annual Meeting of the Association for Computational Linguistics},
  year={2019}
}
@inproceedings{askmsr,
  title={An analysis of the AskMSR question-answering system},
  author={Brill, Eric and Dumais, Susan and Banko, Michele},
  booktitle={Empirical Methods in Natural Language Processing},
  year={2002},
}
@inproceedings{golden,
  title={Answering complex open-domain questions through iterative query generation},
  author={Qi, Peng and Lin, Xiaowen and Mehr, Leo and Wang, Zijian and Manning, Christopher D},
  booktitle={Empirical Methods in Natural Language Processing},
  year={2019}
}

@inproceedings{bidaf,
  title={Bidirectional Attention Flow for Machine Comprehension},
  author={Minjoon Seo and Aniruddha Kembhavi and Ali Farhadi and Hannaneh Hajishirzi},
  booktitle={International Conference on Learning Representations},
  year={2016},
}
@inproceedings{bidaf_plusplus,
  title={Simple and effective multi-paragraph reading comprehension},
  author={Clark, Christopher and Gardner, Matt},
  booktitle={Annual Meeting of the Association for Computational Linguistics},
  year={2017}
}

@article{key_value_memorynetwork,
  title={Key-value memory networks for directly reading documents},
  author={Miller, Alexander and Fisch, Adam and Dodge, Jesse and Karimi, Amir-Hossein and Bordes, Antoine and Weston, Jason},
  journal={arXiv preprint arXiv:1606.03126},
  year={2016}
}

@inproceedings{product_key,
  title={Large memory layers with product keys},
  author={Lample, Guillaume and Sablayrolles, Alexandre and Ranzato, Marc'Aurelio and Denoyer, Ludovic and J{\'e}gou, Herv{\'e}},
  booktitle={Advances in Neural Information Processing Systems},
  pages={8546--8557},
  year={2019}
}
@TechReport{gpt,
  author =	 {Alec Radford and Karthik Narasimhan and Tim Salimans
                  and Ilya Sutskever},
  title =	 {Improving Language Understanding with Unsupervised
                  Learning},
  institution =	 {OpenAI},
  year =	 2018
}
@inproceedings{skipthought,
  title={Skip-thought vectors},
  author={Kiros, Ryan and Zhu, Yukun and Salakhutdinov, Russ R and Zemel, Richard and Urtasun, Raquel and Torralba, Antonio and Fidler, Sanja},
  booktitle={Advances in neural information processing systems},
  pages={3294--3302},
  year={2015}
}

@article{GraphRetriever,
    title={Knowledge Guided Text Retrieval and Reading for Open Domain Question Answering},
    author={Sewon Min and Danqi Chen and Luke Zettlemoyer and Hannaneh Hajishirzi},
    year={2019},
    journal={arXiv preprint arXiv:1911.03868},
}
@article{bart_not_bert,
  title={BART: Denoising Sequence-to-Sequence Pre-training for Natural Language Generation, Translation, and Comprehension},
  author={Mike Lewis and Yinhan Liu and Naman Goyal and Marjan Ghazvininejad and Abdelrahman Mohamed and Omer Levy and Ves Stoyanov and Luke Zettlemoyer},
  journal={ArXiv},
  year={2019},
  volume={abs/1910.13461}
}
@article{knnlm,
  title={Generalization through Memorization: Nearest Neighbor Language Models},
  author={Urvashi Khandelwal and Omer Levy and Dan Jurafsky and Luke Zettlemoyer and Mike Lewis},
  journal={ArXiv},
  year={2019},
  volume={abs/1911.00172}
}
@article{prototypes,
  title={Generating sentences by editing prototypes},
  author={Guu, Kelvin and Hashimoto, Tatsunori B and Oren, Yonatan and Liang, Percy},
  journal={Transactions of the Association for Computational Linguistics},
  volume={6},
  pages={437--450},
  year={2018},
  publisher={MIT Press}
}
@inproceedings{retrieve_and_edit,
  title={A retrieve-and-edit framework for predicting structured outputs},
  author={Hashimoto, Tatsunori B and Guu, Kelvin and Oren, Yonatan and Liang, Percy S},
  booktitle={Advances in Neural Information Processing Systems},
  pages={10052--10062},
  year={2018}
}
@article{memory_networks,
  title={Memory networks},
  author={Weston, Jason and Chopra, Sumit and Bordes, Antoine},
  journal={arXiv preprint arXiv:1410.3916},
  year={2014}
}
@inproceedings{dai_finetune,
  title={Semi-supervised sequence learning},
  author={Dai, Andrew M and Le, Quoc V},
  booktitle={Advances in neural information processing systems},
  pages={3079--3087},
  year={2015}
}

@misc{knowbert,
    title={Knowledge Enhanced Contextual Word Representations},
    author={Matthew E. Peters and Mark Neumann and Robert L. Logan IV and Roy Schwartz and Vidur Joshi and Sameer Singh and Noah A. Smith},
    year={2019},
    eprint={1909.04164},
    archivePrefix={arXiv},
    primaryClass={cs.CL}
}
@article{attention,
  title={Neural machine translation by jointly learning to align and translate},
  author={Bahdanau, Dzmitry and Cho, Kyunghyun and Bengio, Yoshua},
  journal={arXiv preprint arXiv:1409.0473},
  year={2014}
}
@inproceedings{conll_ner,
  title={Introduction to the CoNLL-2003 Shared Task: Language-Independent Named Entity Recognition},
  author={Sang, Erik Tjong Kim and De Meulder, Fien},
  booktitle={Proceedings of the Seventh Conference on Natural Language Learning at HLT-NAACL 2003},
  pages={142--147},
  year={2003}
}
@article{neural_turing,
  title={Neural Turing Machines},
  author={Alex Graves and Greg Wayne and Ivo Danihelka},
  journal={ArXiv},
  year={2014},
  volume={abs/1410.5401}
}
@inproceedings{end_to_end_memory,
  title={End-to-end memory networks},
  author={Sukhbaatar, Sainbayar and Weston, Jason and Fergus, Rob and others},
  booktitle={Advances in neural information processing systems},
  year={2015}
}
@article{simplequestions_memory,
  title={Large-scale simple question answering with memory networks},
  author={Bordes, Antoine and Usunier, Nicolas and Chopra, Sumit and Weston, Jason},
  journal={arXiv preprint arXiv:1506.02075},
  year={2015}
}
@article{t5_openqa,
  title={How Much Knowledge Can You Pack Into the Parameters of a Language Model?},
  author={Roberts, Adam and Raffel, Colin and Shazeer, Noam},
  journal={arXiv preprint arXiv:TBD},
  year={2020}
}